<?xml version="1.0" encoding="UTF-8"?><collection xmlns="http://www.loc.gov/MARC21/slim"><record><leader>00350nam--2200133-i-4500</leader><controlfield tag="001">000031630</controlfield><controlfield tag="002">20161230</controlfield><controlfield tag="005">20161230201038</controlfield><controlfield tag="008">060222s1000------------r-----000-0-eng-d</controlfield><datafield ind1=" " ind2=" " tag="020"><subfield code="a">PROGRESS IN NUCLEAR ENERGY,  SEIES XI</subfield></datafield><datafield ind1=" " ind2=" " tag="100"><subfield code="a">Tuck,J.L</subfield></datafield><datafield ind1=" " ind2=" " tag="245"><subfield code="a">Thompson, w.b</subfield></datafield><datafield ind1=" " ind2=" " tag="490"><subfield code="a">London, Pergamon Press, 1959. Vii + 612p. + Xii</subfield></datafield><datafield ind1=" " ind2=" " tag="700"><subfield code="a">Longmire, C</subfield></datafield></record></collection>